@misc{christey_2011,
	title = {2011 {CWE/SANS} Top 25 Most Dangerous Software Errors},
	url = {http://cwe.mitre.org/top25/archive/2011/2011_cwe_sans_top25.pdf},
	urldate = {2013-08-25},
	publisher = {The {MITRE} Corporation},
	author = {Christey, Steve},
},

@misc{hall_beejs,
	title = {Beej's Quick Guide to {GDB}},
	url = {http://beej.us/guide/bggdb/},
	urldate = {2013-08-25},
	author = {Hall, Brian},
},

@misc{caesar_verschlusselung,
	title = {Caesar-Verschlüsselung},
	url = {http://de.wikipedia.org/wiki/Caesar-Verschlüsselung},
	urldate = {2013-08-25},
	journal = {wikipedia},
	author = {{Wikipedia}},
},

@misc{character_encoding,
	title = {Character encodings in {HTML}},
	url = {http://en.wikipedia.org/wiki/Character_encodings_in_HTML},
	urldate = {2013-08-25},
	journal = {wikipedia},
	author = {{Wikipedia}}
},

@misc{internet_der_dinge,
	title = {Das Internet der Dinge: Wenn nicht nur der Kühlschrank online ist},
	url = {http://www.n-tv.de/ratgeber/Sendungen/Wenn-nicht-nur-der-Kuehlschrank-online-ist-article10431986.html},
	urldate = {2013-08-25},
	journal = {n-tv.de},
	author = {{N-TV}}
},

@misc{enigma_maschine,
	title = {Enigma},
	url = {http://de.wikipedia.org/wiki/Enigma_(Maschine)},
	urldate = {2013-08-25},
	journal = {wikipedia},
	author = {{Wikipedia}}
},

@misc{secure_hash_standard,
	title = {{FIPS} 180-2, Secure Hash Standard},
	url = {http://csrc.nist.gov/publications/fips/fips180-2/fips180-2withchangenotice.pdf},
	urldate = {2013-08-25},
	author = {{National Institute of Standards and Technology (NIST)}}
},

@misc{stack_layout,
	title = {{GCC} 3.x Stack Layout - Auswirkungen auf Stack-basierte Exploit-Techniken},
	url = {http://www.trapkit.de/papers/gcc_stack_layout_v1_20030830.pdf},
	urldate = {2013-08-25},
	author = {Klein, Tobias},
},

@misc{spon_barnaby_jack,
	title = {Hacker Barnaby Jack in San Francisco gestorben},
	url = {http://www.spiegel.de/netzwelt/web/hacker-barnaby-jack-in-san-francisco-gestorben-a-913380.html},
	urldate = {2013-08-25},
	publisher = {{SPIEGEL} {ONLINE}},
	author = {{SPIEGL ONLINE}},
},

@misc{iso_tr_24731_1,
	title = {{ISO/IEC} {TR} 24731-1},
	url = {http://www.open-std.org/JTC1/SC22/WG14/www/docs/n1225.pdf},
	urldate = {2013-08-25},
	publisher = {International Organization for Standardization},
	author = {{International Organization for Standardization (ISO)}},
},

@misc{iso_wdtr_24731_2,
	title = {{ISO/IEC} {WDTR} 24731-2},
	url = {http://www.open-std.org/JTC1/SC22/WG14/www/docs/n1337.pdf},
	urldate = {2013-08-25},
	publisher = {International Organization for Standardization},
	author = {{International Organization for Standardization (ISO)}},
},

@misc{lint_software,
	title = {Lint},
	url = {http://en.wikipedia.org/wiki/Lint_(software)},
	urldate = {2013-08-25},
	journal = {wikipedia},
	author = {Wikipedia},
},

@article{rfp_nt_1998,
	title = {{NT} Web Technology Vulnerabilities},
	volume = {Volume 8, Issue 54},
	url = {http://www.phrack.org/issues.html?issue=54&id=8#article},
	urldate = {2013-08-25},
	journal = {Phrack Magazine},
	author = {{RFP}},
	month = dec,
	year = {1998},
},

@misc{schneier_blowfish,
	title = {The Blowfish Encryption Algorithm},
	url = {http://www.schneier.com/blowfish.html},
	urldate = {2013-08-25},
	author = {Schneier, Bruce},
},

@misc{waidner_hrsg_trendbericht_2013,
	title = {Trendbericht Security by Design},
	url = {https://www.sit.fraunhofer.de/fileadmin/dokumente/studien_und_technical_reports/Trendbericht_Security_by_Design.pdf},
	urldate = {2013-08-25},
	publisher = {{FRAUNHOFER} {VERLAG}},
	author = {{Waidner, Michael}, {Backens, Michael}, {Müller-Quade, Jörn} and others},
},

@misc{playground_wordpress,
	title = {Verteilung der WordPress-Versionen im deutschsprachigen Raum},
	url = {http://playground.ebiene.de/wordpress-versionen-verteilung},
	author = {Müller, Sergej},
},

@misc{spon_vw,
	title = {Volkswagen erwirkt Verfügung gegen akademische Codeknacker},
	url = {http://www.spiegel.de/auto/aktuell/volkswagen-erwirkt-verfuegung-gegen-akademische-codeknacker-a-913462.html},
	urldate = {2013-08-25},
	journal = {{SPIEGEL} {ONLINE}},
	author = {{SPIEGL ONLINE}},
}